<record xmlns="http://www.loc.gov/MARC21/slim" xmlns:xsi="http://www.w3.org/2001/XMLSchema-instance" xsi:schemaLocation="http://www.loc.gov/MARC21/slim http://www.loc.gov/standards/marcxml/schema/MARC21slim.xsd">

  <leader>00424nam a2200133Ia 4500</leader>
  <datafield ind1=" " ind2=" " tag="999">
    <subfield code="c">1772</subfield>
    <subfield code="d">1772</subfield>
  </datafield>
  <controlfield tag="008">141002s1975    CR            000 | und d</controlfield>
  <datafield ind1=" " tag="090" ind2=" ">
    <subfield code="a">06.03.06 </subfield>
    <subfield code="b">1814</subfield>
  </datafield>
  <datafield ind1="1" tag="100" ind2=" ">
    <subfield code="a">Monge Alfaro, Carlos</subfield>
    <subfield code="9">3288</subfield>
  </datafield>
  <datafield ind1="1" ind2=" " tag="245">
    <subfield code="a">La educación superior en Costa Rica</subfield>
  </datafield>
  <datafield ind1=" " tag="260" ind2=" ">
    <subfield code="a">San José, Costa Rica :</subfield>
    <subfield code="b"> Oficina de Publicaciones de la Universidad de Costa Rica, </subfield>
    <subfield code="c">1975</subfield>
  </datafield>
  <datafield ind1=" " ind2=" " tag="300">
    <subfield code="a">152 páginas</subfield>
  </datafield>
  <datafield ind1=" " ind2="0" tag="650">
    <subfield code="a">EDUCACIÓN SUPERIOR</subfield>
    <subfield code="9">8</subfield>
  </datafield>
  <datafield ind1=" " ind2=" " tag="942">
    <subfield code="2">z</subfield>
    <subfield code="c">01</subfield>
  </datafield>
</record>